@book{koza92,
		author    = "Koza, John R.",
		title     = "Genetic Programming: On the Programming of Computers by Means of Natural Selection",
		publisher = "MIT Press",
		year      = "1992"
}


@misc{ wiki:latex,
       author = "Wikipedia",
       title = "LaTeX --- Wikipedia{,} La enciclopedia libre",
       year = "2015",
       url = "https://es.wikipedia.org/w/index.php?title=LaTeX&oldid=84209252",
       note = "[Internet; descargado 30-septiembre-2015]"
}

@misc{ wiki:facade,
       author = "Wikipedia",
       title = "Facade pattern",
       year = "2020",
       url = "https://en.wikipedia.org/wiki/Facade_pattern",
       note = "[Online; Accedido 27-Junio-2020]"
}

@misc{ casia:1,
       title = "CASIA Iris V1",
       url = "http://biometrics.idealtest.org/dbDetailForUser.do?id=1",
       note = "[Online; Accedido 27-Junio-2020]"
}