@book{koza92,
		author    = "Koza, John R.",
		title     = "Genetic Programming: On the Programming of Computers by Means of Natural Selection",
		publisher = "MIT Press",
		year      = "1992"
}


@misc{ wiki:latex,
       author = "Wikipedia",
       title = "LaTeX --- Wikipedia{,} La enciclopedia libre",
       year = "2015",
       url = "https://es.wikipedia.org/w/index.php?title=LaTeX&oldid=84209252",
       note = "[Internet; descargado 30-septiembre-2015]"
}


@misc{ intro:bio-wiki,
       author = "Wikipedia",
       title = "LaTeX --- Wikipedia{,} La enciclopedia libre",
       year = "2012",
       url = "https://es.wikipedia.org/wiki/Biometr%C3%ADa",
       note = "[Online; Accedido 26-Mayo-2020]"
}


@misc{ intro:bio-on,
       author = "Biometrics",
       title = "Identificación biométrica a través del iris ocular",
       year = "2015",
       url = "https://biometrics-on.com/identificacion-biometrica-a-traves-del-iris-ocular/",
       note = "[Online; Accedido 26-Mayo-2020]"
}


@misc{ intro:iris-rec,
       author = "Shiren Y. Elhabian",
       title = "Iris Recognition",
       year = "2009",
       url = "http://www.sci.utah.edu/~shireen/pdfs/tutorials/Elhabian_Iris09.pdf",
       note = "[Online; Accedido 29-Mayo-2020]"
}


@article{bortolot2005,
  title={Estimating forest biomass using small footprint LiDAR data: An individual tree-based approach that incorporates training data},
  author={Bortolot, Zachary J and Wynne, Randolph H},
  journal={ISPRS Journal of Photogrammetry and Remote Sensing},
  volume={59},
  number={6},
  pages={342--360},
  year={2005},
  publisher={Elsevier}
}

